<?xml version="1.0" encoding="UTF-8"?><collection xmlns="http://www.loc.gov/MARC21/slim"><record><leader>00610nam--2200181-i-4500</leader><controlfield tag="001">000020051</controlfield><controlfield tag="002">20161230</controlfield><controlfield tag="005">20161230201033</controlfield><controlfield tag="008">060222s1000------------r-----000-0-fre-d</controlfield><datafield ind1=" " ind2=" " tag="040"><subfield code="a">IFIN-HH</subfield></datafield><datafield ind1=" " ind2=" " tag="041"><subfield code="a">fre</subfield></datafield><datafield ind1=" " ind2=" " tag="080"><subfield code="a">537.622.4:538.955:621.318.1</subfield></datafield><datafield ind1="1" ind2=" " tag="100"><subfield code="a">Lakeou, Samuel</subfield></datafield><datafield ind1="1" ind2="0" tag="245"><subfield code="a">Magnetoresistance et magnetoconcenrtation a haut champ magnetique. application a la caracterisation des semiconducteurs quasi-intrinseques</subfield><subfield code="b">These</subfield><subfield code="c">Samuel lakeou</subfield></datafield><datafield ind1=" " ind2=" " tag="260"><subfield code="a">Grenoble</subfield><subfield code="b">Institut National Polytechnique De Grenoble</subfield><subfield code="c">1978</subfield></datafield><datafield ind1=" " ind2=" " tag="300"><subfield code="a">96P</subfield></datafield><datafield ind1=" " ind2=" " tag="852"><subfield code="a">48421</subfield><subfield code="c">537:538</subfield></datafield><datafield ind1=" " ind2=" " tag="CAT"><subfield code="a">Sys</subfield><subfield code="c">20110624</subfield><subfield code="h">112708</subfield></datafield></record></collection>